
@book{Bo68,
	author="Nicholas Bourbaki",
	title="Commutative Algebra",
	publisher="Hermann",
	year="1968"
}


@book{Ha77,
	author="Robin Hartshorne",
	title="Algebraic Geometry",
	year="1977",
	publisher="Springer-Verlag"
}
@book{La02,
  author="Serge Lang",
  title="Algebra",
  publisher="Springer",
  year="2002"
}

@book{St10,
  author="Aise Johan deJong et al",
  title="Stacks Project",
  year="2010",
  publisher="Open source project"
}

@book{Ma98,
   author="Saunders Maclane",
	title="Categories for the Working Mathematician",
	publisher="Springer",
	year="1998"

}

@book{Ei95,
  author="David Eisenbud",
  title="Commutative Algebra: with a view towards Algebraic Geometry",
  publisher="Springer",
  year="1995"
}

@book{We95,
  author="Charles Weibel",
  title="An introduction to Homological Algebra",
  year="1995",
  publisher="Cambridge University Press"
}


